<?xml version="1.0" encoding="UTF-8"?><collection xmlns="http://www.loc.gov/MARC21/slim"><record><leader>00469nam--2200181-i-4500</leader><controlfield tag="001">000013231</controlfield><controlfield tag="002">20161230</controlfield><controlfield tag="005">20161230201030</controlfield><controlfield tag="008">060222s1000------------r-----000-0-eng-d</controlfield><datafield ind1=" " ind2=" " tag="040"><subfield code="a">IFIN-HH</subfield></datafield><datafield ind1=" " ind2=" " tag="080"><subfield code="a">532.783</subfield></datafield><datafield ind1="1" ind2=" " tag="100"><subfield code="a">Demus, Dietrich</subfield></datafield><datafield ind1="1" ind2="0" tag="245"><subfield code="a">Textures of liquid crystals</subfield><subfield code="c">Dietrich Demus, Lothar Richter</subfield></datafield><datafield ind1=" " ind2=" " tag="260"><subfield code="a">Weinheim, Verlag Chemie, 1978</subfield></datafield><datafield ind1=" " ind2=" " tag="300"><subfield code="a">228P</subfield></datafield><datafield ind1="1" ind2=" " tag="700"><subfield code="a">Richter, Lothar</subfield></datafield><datafield ind1=" " ind2=" " tag="852"><subfield code="a">47923</subfield><subfield code="c">532</subfield></datafield><datafield ind1=" " ind2=" " tag="CAT"><subfield code="a">Sys</subfield><subfield code="c">20100722</subfield><subfield code="h">100941</subfield></datafield></record></collection>